@misc{ItpPhysicalComputing,
  author = {ITP},
  title = {ITP Physical Computing},
  howpublished = "\url{http://itp.nyu.edu/physcomp/Tutorials/Tutorials}",
  year = {2010},
  note = "[Online; accessed 25/11/2010]"
}

@misc{SiteArduino,
  author = {Arduino},
  title = {Arduino.cc},
  howpublished = "\url{http://www.arduino.cc}",
  year = {2010},
  note = "[Online; accessed 25/11/2010]"
}

@misc{SiteWiring,
  author = {Wiring},
  title = {Wiring.org.co},
  howpublished = "\url{http://www.wiring.org.co}",
  year = {2010},
  note = "[Online; accessed 25/11/2010]"
}

